@INPROCEEDINGS{Stonebraker_datacuration,
    author = {Michael Stonebraker and George Beskales and Alexander Pagan and Daniel Bruckner and Mitch Cherniack and Shan Xu and Verisk Analytics and Ihab F. Ilyas and Stan Zdonik},
    title = {Data Curation at Scale: The Data Tamer System},
    booktitle = {In CIDR 2013},
    year = {2013}
}

@article{Chen2009extended,
 author = {Chen, Wenguang and Fan, Wenfei and Ma, Shuai},
 title = {Incorporating Cardinality Constraints and Synonym Rules into Conditional Functional Dependencies},
 journal = {Inf. Process. Lett.},
 issue_date = {June, 2009},
 volume = {109},
 number = {14},
 month = jun,
 year = {2009},
 issn = {0020-0190},
 pages = {783--789},
 numpages = {7},
 url = {http://dx.doi.org/10.1016/j.ipl.2009.03.021},
 doi = {10.1016/j.ipl.2009.03.021},
 acmid = {1541262},
 publisher = {Elsevier North-Holland, Inc.},
 address = {Amsterdam, The Netherlands, The Netherlands},
 keywords = {Computational complexity, Databases, Specification languages},
} 

@inproceedings{schwing2011distributed,
  title={Distributed message passing for large scale graphical models},
  author={Schwing, Alexander and Hazan, Tamir and Pollefeys, Marc and Urtasun, Raquel},
  booktitle={Computer Vision and Pattern Recognition (CVPR), 2011 IEEE Conference on},
  pages={1833--1840},
  year={2011},
  organization={IEEE}
}

@article{felzenszwalb2006efficient,
  title={Efficient belief propagation for early vision},
  author={Felzenszwalb, Pedro F and Huttenlocher, Daniel P},
  journal={International journal of computer vision},
  volume={70},
  number={1},
  pages={41--54},
  year={2006},
  publisher={Springer}
}

@inproceedings{pritch2009shift,
  title={Shift-map image editing},
  author={Pritch, Yael and Kav-Venaki, Eitam and Peleg, Shmuel},
  booktitle={Computer Vision, 2009 IEEE 12th International Conference on},
  pages={151--158},
  year={2009},
  organization={IEEE}
}

@inproceedings{riedel08improving,
    author={Sebastian Riedel}, 
    title={Improving the accuracy and Efficiency of MAP Inference for Markov Logic}, 
    pages={468--475}, 
    booktitle={Proceedings of the 24th Annual Conference on Uncertainty in AI (UAI '08)}, 
    year={2008}, 
}

@Inproceedings {msag2015,
author       = {Arnab Sinha and Zhihong Shen and Yang Song and Hao Ma and Darrin Eide and Kuansan Wang},
publisher    = {WWW â€“ World Wide Web Consortium (W3C)},
title        = {An Overview of Microsoft Academic Service (MAS) and Applications},
url          = {http://research.microsoft.com/apps/pubs/default.aspx?id=246609},
year         = {2015}
}

@book{national2013Frontiers,
  title={Frontiers in Massive Data Analysis},
  author={US National Research Council},
  isbn={9780309287784},
  url={http://www.nap.edu/openbook.php?record_id=18374},
  year={2013},
  publisher={The National Academies Press}
} 

@article{landis1977measurement,
  title={The measurement of observer agreement for categorical data},
  author={Landis, J Richard and Koch, Gary G},
  journal={biometrics},
  pages={159--174},
  year={1977},
  publisher={JSTOR}
}
@book{bertossi2011database,
  title={Database Repairs and Consistent Query Answering},
  author={Bertossi, L.},
  isbn={9781608457632},
  series={Synthesis Lectures on Data Management},
  url={https://books.google.de/books?id=leVcAQAAQBAJ},
  year={2011},
  publisher={Morgan \& Claypool Publishers}
}


@article{guo2010record,
  title={Record linkage with uniqueness constraints and erroneous values},
  author={Guo, Songtao and Dong, Xin Luna and Srivastava, Divesh and Zajac, Remi},
  journal={Proceedings of the VLDB Endowment},
  volume={3},
  number={1-2},
  pages={417--428},
  year={2010},
  publisher={VLDB Endowment}
}
@article{Fan:2011:DCF:1978258.1978514,
 author = {Fan, Wenfei and Geerts, Floris and Li, Jianzhong and Xiong, Ming},
 title = {Discovering Conditional Functional Dependencies},
 journal = {IEEE Trans. on Knowl. and Data Eng.},
 issue_date = {May 2011},
 volume = {23},
 number = {5},
 month = may,
 year = {2011},
 issn = {1041-4347},
 pages = {683--698},
 numpages = {16},
 url = {http://dx.doi.org/10.1109/TKDE.2010.154},
 doi = {10.1109/TKDE.2010.154},
 acmid = {1978514},
 publisher = {IEEE Educational Activities Department},
 address = {Piscataway, NJ, USA},
 keywords = {Integrity, Integrity, conditional functional dependency, functional dependency, free item set, closed item set., closed item set., conditional functional dependency, free item set, functional dependency},
} 

@book{chu2004blissful,
  title={Blissful Data: Wisdom and Strategies for Providing Meaningful, Useful, and Accessible Data for All Employees},
  author={Chu, M.Y.},
  isbn={9780814427378},
  url={http://books.google.de/books?id=LqBOoIF3U28C},
  year={2004},
  publisher={Amacom}
}
@inproceedings{chu2013holistic,
  title={Holistic data cleaning: Putting violations into context},
  author={Chu, Xu and Ilyas, Ihab F and Papotti, Paolo},
  booktitle={Data Engineering (ICDE), 2013 IEEE 29th International Conference on},
  pages={458--469},
  year={2013},
  organization={IEEE}
}
@article {llunaticVDLB2013b,
author = {Geerts, Floris and Mecca Giansalvatore and Papotti, Paolo and Santore, Donatello},
title = {The Llunatic Data Cleaning Framework},
journal = {PVLDB},
volume = {6},
number = {9},
year = {2013},
pages = {625-636},
groups = {adrem-accepted}, 
pdf = { http://www.adrem.ua.ac.be/bibrem/pubs/VDLB2013b.pdf }
}
@inproceedings{bohannon2005cost,
  title={A cost-based model and effective heuristic for repairing constraints by value modification},
  author={Bohannon, Philip and Fan, Wenfei and Flaster, Michael and Rastogi, Rajeev},
  booktitle={Proceedings of the 2005 ACM SIGMOD international conference on Management of data},
  pages={143--154},
  year={2005},
  organization={ACM}
}

@inproceedings{Yakout:2013:DSU:2463676.2463706,
 author = {Yakout, Mohamed and Berti-\'{E}quille, Laure and Elmagarmid, Ahmed K.},
 title = {Don'T Be SCAREd: Use SCalable Automatic REpairing with Maximal Likelihood and Bounded Changes},
 booktitle = {Proceedings of the 2013 ACM SIGMOD International Conference on Management of Data},
 series = {SIGMOD '13},
 year = {2013},
 isbn = {978-1-4503-2037-5},
 location = {New York, New York, USA},
 pages = {553--564},
 numpages = {12},
 url = {http://doi.acm.org/10.1145/2463676.2463706},
 doi = {10.1145/2463676.2463706},
 acmid = {2463706},
 publisher = {ACM},
 address = {New York, NY, USA},
 keywords = {data cleaning, inconsistent data},
} 
@inproceedings{Arasu:2009:LDC:1546683.1547340,
 author = {Arasu, Arvind and R{\'e}, Christopher and Suciu, Dan},
 title = {Large-Scale Deduplication with Constraints Using Dedupalog},
 booktitle = {Proceedings of the 2009 IEEE International Conference on Data Engineering},
 series = {ICDE '09},
 year = {2009},
 isbn = {978-0-7695-3545-6},
 pages = {952--963},
 numpages = {12},
 url = {http://dx.doi.org/10.1109/ICDE.2009.43},
 doi = {10.1109/ICDE.2009.43},
 acmid = {1547340},
 publisher = {IEEE Computer Society},
 address = {Washington, DC, USA},
 keywords = {Deduplication, Data cleaning, algorithms, performance, query language},
} 


@inproceedings{Ilyas:2004:CAD:1007568.1007641,
 author = {Ilyas, Ihab F. and Markl, Volker and Haas, Peter and Brown, Paul and Aboulnaga, Ashraf},
 title = {CORDS: Automatic Discovery of Correlations and Soft Functional Dependencies},
 booktitle = {Proceedings of the 2004 ACM SIGMOD International Conference on Management of Data},
 series = {SIGMOD '04},
 year = {2004},
 isbn = {1-58113-859-8},
 location = {Paris, France},
 pages = {647--658},
 numpages = {12},
 url = {http://doi.acm.org/10.1145/1007568.1007641},
 doi = {10.1145/1007568.1007641},
 acmid = {1007641},
 publisher = {ACM},
 address = {New York, NY, USA},
}

@inproceedings{song2009discovering,
  title={Discovering matching dependencies},
  author={Song, Shaoxu and Chen, Lei},
  booktitle={Proceedings of the 18th ACM conference on Information and knowledge management},
  pages={1421--1424},
  year={2009},
  organization={ACM}
}
@inproceedings{riedel08collective,
    author={Sebastian Riedel and Ivan Meza-Ruiz}, 
    title={Collective Semantic Role Labelling with Markov Logic}, 
    keywords={Markov Logic, Semantic Role Labelling, NLP}, 
    bdsk-url-1={http://www.aclweb.org/anthology/W/W08/W08-2125.pdf}, 
    pages={193--197}, 
    booktitle={Proceedings of the 12th Conference on Computational Natural Language Learning (CoNLL' 08)}, 
    year={2008}, 
}
@inproceedings{meza09jointly,
    author={Ivan Meza-Ruiz and Sebastian Riedel}, 
    title={Jointly Identifying Predicates, Arguments and Senses using Markov Logic}, 
    bdsk-url-1={http://www.aclweb.org/anthology/N/N09/N09-1018.pdf}, 
    booktitle={Joint Human Language Technology Conference/Annual Meeting of the North American Chapter of the Association for Computational Linguistics (HLT-NAACL '09)}, 
    year={2009}, 
}

@inproceedings{che2010jointly,
  title={Jointly modeling wsd and srl with markov logic},
  author={Che, Wanxiang and Liu, Ting},
  booktitle={Proceedings of the 23rd International Conference on Computational Linguistics},
  pages={161--169},
  year={2010},
  organization={Association for Computational Linguistics}
}

@inproceedings{singla2006entity,
  title={Entity resolution with markov logic},
  author={Singla, Parag and Domingos, Pedro},
  booktitle={Data Mining, 2006. ICDM'06. Sixth International Conference on},
  pages={572--582},
  year={2006},
  organization={IEEE}
}

@inproceedings{poon2008joint,
  title={Joint unsupervised coreference resolution with Markov logic},
  author={Poon, Hoifung and Domingos, Pedro},
  booktitle={Proceedings of the conference on empirical methods in natural language processing},
  pages={650--659},
  year={2008},
  organization={Association for Computational Linguistics}
}

@inproceedings{lowd2007recursive,
  title={Recursive Random Fields.},
  author={Lowd, Daniel and Domingos, Pedro},
  booktitle={IJCAI},
  pages={950--955},
  year={2007}
}

@incollection{niepert2011probabilistic,
  title={Probabilistic-logical web data integration},
  author={Niepert, Mathias and Noessner, Jan and Meilicke, Christian and Stuckenschmidt, Heiner},
  booktitle={Reasoning Web. Semantic Technologies for the Web of Data},
  pages={504--533},
  year={2011},
  publisher={Springer}
}


@inproceedings{NoessnerNS13,
  author    = {Jan Noessner and
               Mathias Niepert and
               Heiner Stuckenschmidt},
  title     = {RockIt: Exploiting Parallelism and Symmetry for MAP Inference
               in Statistical Relational Models},
  booktitle = {AAAI},
  year      = {2013},
  ee        = {http://www.aaai.org/ocs/index.php/AAAI/AAAI13/paper/view/6240},
  bibsource = {DBLP, http://dblp.uni-trier.de}
}
@inproceedings{singla2008lifted,
  title={Lifted First-Order Belief Propagation.},
  author={Singla, Parag and Domingos, Pedro},
  booktitle={AAAI},
  volume={8},
  pages={1094--1099},
  year={2008}
}

@inproceedings{Dallachiesa:2013:NCD:2463676.2465327,
 author = {Dallachiesa, Michele and Ebaid, Amr and Eldawy, Ahmed and Elmagarmid, Ahmed and Ilyas, Ihab F. and Ouzzani, Mourad and Tang, Nan},
 title = {NADEEF: A Commodity Data Cleaning System},
 booktitle = {Proceedings of the 2013 ACM SIGMOD International Conference on Management of Data},
 series = {SIGMOD '13},
 year = {2013},
 isbn = {978-1-4503-2037-5},
 location = {New York, New York, USA},
 pages = {541--552},
 numpages = {12},
 url = {http://doi.acm.org/10.1145/2463676.2465327},
 doi = {10.1145/2463676.2465327},
 acmid = {2465327},
 publisher = {ACM},
 address = {New York, NY, USA},
 keywords = {conditional functional dependency, data cleaning, etl, matching dependency},
} 


@inproceedings{Yao:2012:PDU:2391200.2391222,
 author = {Yao, Limin and Riedel, Sebastian and McCallum, Andrew},
 title = {Probabilistic Databases of Universal Schema},
 booktitle = {Proceedings of the Joint Workshop on Automatic Knowledge Base Construction and Web-scale Knowledge Extraction},
 series = {AKBC-WEKEX '12},
 year = {2012},
 location = {Montreal, Canada},
 pages = {116--121},
 numpages = {6},
 url = {http://dl.acm.org/citation.cfm?id=2391200.2391222},
 acmid = {2391222},
 publisher = {Association for Computational Linguistics},
 address = {Stroudsburg, PA, USA},
}
@inproceedings{haas2005clio,
  title={Clio grows up: from research prototype to industrial tool},
  author={Haas, Laura M and Hern{\'a}ndez, Mauricio A and Ho, Howard and Popa, Lucian and Roth, Mary},
  booktitle={Proceedings of the 2005 ACM SIGMOD international conference on Management of data},
  pages={805--810},
  year={2005},
  organization={ACM}
}
@article{Beskales:2013:DAG:2430456.2430466,
 author = {Beskales, George and Das, Gautam and Elmagarmid, Ahmed K. and Ilyas, Ihab F. and Naumann, Felix and Ouzzani, Mourad and Papotti, Paolo and Quiane-Ruiz, Jorge and Tang, Nan},
 title = {The Data Analytics Group at the Qatar Computing Research Institute},
 journal = {SIGMOD Rec.},
 issue_date = {December 2012},
 volume = {41},
 number = {4},
 month = jan,
 year = {2013},
 issn = {0163-5808},
 pages = {33--38},
 numpages = {6},
 url = {http://doi.acm.org/10.1145/2430456.2430466},
 doi = {10.1145/2430456.2430466},
 acmid = {2430466},
 publisher = {ACM},
 address = {New York, NY, USA},
} 

@article{cohen1960,
  added-at = {2008-03-03T18:54:52.000+0100},
  author = {Cohen, J.},
  description = {Introduces Kappa as a way of calculating inter rater agreement between two raters},
  journal = {Educational and Psychological Measurement},
  keywords = {INFLUENTIAL methods tools},
  number = 1,
  pages = 37,
  timestamp = {2008-03-03T18:54:52.000+0100},
  title = {{A Coefficient of Agreement for Nominal Scales}},
  volume = 20,
  year = 1960
}

@inproceedings{Fan:2011:IRM:1989323.1989373,
 author = {Fan, Wenfei and Li, Jianzhong and Ma, Shuai and Tang, Nan and Yu, Wenyuan},
 title = {Interaction Between Record Matching and Data Repairing},
 booktitle = {Proceedings of the 2011 ACM SIGMOD International Conference on Management of Data},
 series = {SIGMOD '11},
 year = {2011},
 isbn = {978-1-4503-0661-4},
 location = {Athens, Greece},
 pages = {469--480},
 numpages = {12},
 url = {http://doi.acm.org/10.1145/1989323.1989373},
 doi = {10.1145/1989323.1989373},
 acmid = {1989373},
 publisher = {ACM},
 address = {New York, NY, USA},
 keywords = {conditional functional dependency, data cleaning, matching dependency},
}
@inproceedings{Mayfield:2010:EDA:1807167.1807178,
 author = {Mayfield, Chris and Neville, Jennifer and Prabhakar, Sunil},
 title = {ERACER: A Database Approach for Statistical Inference and Data Cleaning},
 booktitle = {Proceedings of the 2010 ACM SIGMOD International Conference on Management of Data},
 series = {SIGMOD '10},
 year = {2010},
 isbn = {978-1-4503-0032-2},
 location = {Indianapolis, Indiana, USA},
 pages = {75--86},
 numpages = {12},
 url = {http://doi.acm.org/10.1145/1807167.1807178},
 doi = {10.1145/1807167.1807178},
 acmid = {1807178},
 publisher = {ACM},
 address = {New York, NY, USA},
 keywords = {approximate inference, discrete convolution, linear regression, outlier detection, relational dependency network},
} 
@book{AbiteboulHV95,
  author    = {Serge Abiteboul and
               Richard Hull and
               Victor Vianu},
  title     = {Foundations of Databases},
  publisher = {Addison-Wesley},
  year      = {1995},
  isbn      = {0-201-53771-0},
  ee        = {http://www-cse.ucsd.edu/users/vianu/book.html},
  bibsource = {DBLP, http://dblp.uni-trier.de}
}
@book{getoor2007introduction,
  title={Introduction to statistical relational learning},
  author={Getoor, Lise and Taskar, Ben},
  year={2007},
  publisher={MIT press}
}

@misc{forbes2013,
  author = {Bruce Upbin},
  title = {"IBM's Watson Gets Its First Piece Of Business In Healthcare"},
  howpublished = "\url{http://www.forbes.com/sites/bruceupbin/2013/02/08/ibms-watson-gets-its-first-piece-of-business-in-healthcare/}",
  year = {2013}, 
  note = "[Online; accessed 12-May-2014]"
}

@article{de2013probabilistic,
  title={Probabilistic Programming Concepts},
  author={De Raedt, Luc and Kimmig, Angelika},
  journal={arXiv preprint arXiv:1312.4328},
  year={2013}
}
@inproceedings{Deshpande:2013:BMU:2463676.2465297,
 author = {Deshpande, Omkar and Lamba, Digvijay S. and Tourn, Michel and Das, Sanjib and Subramaniam, Sri and Rajaraman, Anand and Harinarayan, Venky and Doan, AnHai},
 title = {Building, Maintaining, and Using Knowledge Bases: A Report from the Trenches},
 booktitle = {Proceedings of the 2013 ACM SIGMOD International Conference on Management of Data},
 series = {SIGMOD '13},
 year = {2013},
 isbn = {978-1-4503-2037-5},
 location = {New York, New York, USA},
 pages = {1209--1220},
 numpages = {12},
 url = {http://doi.acm.org/10.1145/2463676.2465297},
 doi = {10.1145/2463676.2465297},
 acmid = {2465297},
 publisher = {ACM},
 address = {New York, NY, USA},
 keywords = {data integration, human curation, information extraction, knowledge base, social media, taxonomy, wikipedia},
} 
@article{bach2007survey,
  title={A survey on relation extraction},
  author={Bach, Nguyen and Badaskar, Sameer},
  year={2007}
}

@article{suchanekadvances,
  title={Advances in Automated Knowledge Base Construction},
  author={Suchanek, Fabian M and Fan, James and Hoffmann, Raphael and Riedel, Sebastian and Talukdar, Partha P},
  year={2013}
}
@inproceedings{ravichandran2002learning,
  title={Learning surface text patterns for a question answering system},
  author={Ravichandran, Deepak and Hovy, Eduard},
  booktitle={Proceedings of the 40th Annual Meeting on Association for Computational Linguistics},
  pages={41--47},
  year={2002},
  organization={Association for Computational Linguistics}
}

@article{Domingos2012useful,
 author = {Domingos, Pedro},
 title = {A Few Useful Things to Know About Machine Learning},
 journal = {Commun. ACM},
 issue_date = {October 2012},
 volume = {55},
 number = {10},
 month = oct,
 year = {2012},
 issn = {0001-0782},
 pages = {78--87},
 numpages = {10},
 url = {http://doi.acm.org/10.1145/2347736.2347755},
 doi = {10.1145/2347736.2347755},
 acmid = {2347755},
 publisher = {ACM},
 address = {New York, NY, USA},
} 

@incollection{spies2013knowledge,
  title={Knowledge Discovery from Constrained Relational Data: A Tutorial on Markov Logic Networks},
  author={Spies, Marcus},
  booktitle={Business Intelligence},
  pages={78--102},
  year={2013},
  publisher={Springer}
}
@incollection{fan2013data,
  title={Data Quality Problems beyond Consistency and Deduplication},
  author={Fan, Wenfei and Geerts, Floris and Ma, Shuai and Tang, Nan and Yu, Wenyuan},
  booktitle={In Search of Elegance in the Theory and Practice of Computation},
  pages={237--249},
  year={2013},
  publisher={Springer}
}
@inproceedings{Schoenmackers:2010:LFH:1870658.1870764,
 author = {Schoenmackers, Stefan and Etzioni, Oren and Weld, Daniel S. and Davis, Jesse},
 title = {Learning First-order Horn Clauses from Web Text},
 booktitle = {Proceedings of the 2010 Conference on Empirical Methods in Natural Language Processing},
 series = {EMNLP '10},
 year = {2010},
 location = {Cambridge, Massachusetts},
 pages = {1088--1098},
 numpages = {11},
 url = {http://dl.acm.org/citation.cfm?id=1870658.1870764},
 acmid = {1870764},
 publisher = {Association for Computational Linguistics},
 address = {Stroudsburg, PA, USA},
} 

@inproceedings{beskales2010probclean,
  title={ProbClean: A probabilistic duplicate detection system},
  author={Beskales, George and Soliman, Mohamed A and Ilyas, Ihab F and Ben-David, Shai and Kim, Yubin},
  booktitle={Data Engineering (ICDE), 2010 IEEE 26th International Conference on},
  pages={1193--1196},
  year={2010},
  organization={IEEE}
}

@incollection{lowd2007efficient,
  title={Efficient weight learning for Markov logic networks},
  author={Lowd, Daniel and Domingos, Pedro},
  booktitle={Knowledge Discovery in Databases: PKDD 2007},
  pages={200--211},
  year={2007},
  publisher={Springer}
}

@article{domingos2009markov,
  title={Markov logic: An interface layer for artificial intelligence},
  author={Domingos, Pedro and Lowd, Daniel},
  journal={Synthesis Lectures on Artificial Intelligence and Machine Learning},
  volume={3},
  number={1},
  pages={1--155},
  year={2009},
  publisher={Morgan \& Claypool Publishers}
}
@article{Clark:2012:ASD:2181342.2181765,
 author = {Clark, Malcolm and Kim, Yunhyong and Kruschwitz, Udo and Song, Dawei and Albakour, Dyaa and Dignum, Stephen and Beresi, Ulises Cervi\~{n}o and Fasli, Maria and De Roeck, Anne},
 title = {Automatically Structuring Domain Knowledge from Text: An Overview of Current Research},
 journal = {Inf. Process. Manage.},
 issue_date = {May, 2012},
 volume = {48},
 number = {3},
 month = may,
 year = {2012},
 issn = {0306-4573},
 pages = {552--568},
 numpages = {17},
 url = {http://dx.doi.org/10.1016/j.ipm.2011.07.002},
 doi = {10.1016/j.ipm.2011.07.002},
 acmid = {2181765},
 publisher = {Pergamon Press, Inc.},
 address = {Tarrytown, NY, USA},
 keywords = {Artificial intelligence, Domain models, Information retrieval, Natural language processing},
} 
@book{fellbaum1998wordnet,
  title={WordNet: An Electronic Lexical Database},
  author={Fellbaum, C.},
  isbn={9780262061971},
  lccn={97048710},
  series={Language, speech, and communication},
  url={http://books.google.de/books?id=Rehu8OOzMIMC},
  year={1998},
  publisher={MIT Press}
}
@inproceedings{socher2013reasoning,
  title={Reasoning With Neural Tensor Networks for Knowledge Base Completion},
  author={Socher, Richard and Chen, Danqi and Manning, Christopher D and Ng, Andrew},
  booktitle={Advances in Neural Information Processing Systems},
  pages={926--934},
  year={2013}
}

@article{liu2012discover,
  title={Discover dependencies from dataâ€”a review},
  author={Liu, Jixue and Li, Jiuyong and Liu, Chengfei and Chen, Yongfeng and others},
  journal={IEEE Transactions on Knowledge and Data Engineering},
  volume={24},
  number={2},
  pages={251--264},
  year={2012},
  publisher={Institute of Electrical and Electronics Engineers, Inc., 345 E. 47 th St. NY NY 10017-2394 United States}
}

@article{richardson2006markov,
  title={Markov logic networks},
  author={Richardson, Matthew and Domingos, Pedro},
  journal={Machine learning},
  volume={62},
  number={1-2},
  pages={107--136},
  year={2006},
  publisher={Springer}
}

@article{fellegi1976systematic,
  title={A systematic approach to automatic edit and imputation},
  author={Fellegi, Ivan P and Holt, David},
  journal={Journal of the American Statistical association},
  volume={71},
  number={353},
  pages={17--35},
  year={1976},
  publisher={Taylor \& Francis}
}

@article{chen2011usher,
  title={Usher: Improving data quality with dynamic forms},
  author={Chen, Kuang and Chen, Harr and Conway, Neil and Hellerstein, Joseph M and Parikh, Tapan S},
  journal={Knowledge and Data Engineering, IEEE Transactions on},
  volume={23},
  number={8},
  pages={1138--1153},
  year={2011},
  publisher={IEEE}
}
@inproceedings{chen2009analyses,
  title={Analyses and validation of conditional dependencies with built-in predicates},
  author={Chen, Wenguang and Fan, Wenfei and Ma, Shuai},
  booktitle={Database and Expert Systems Applications},
  pages={576--591},
  year={2009},
  organization={Springer}
}


@article{doi:10.1080/01621459.1972.10481323,
author = {Naus, Joseph I and Johnson, Thomas G and Montalvo, Ramiro},
doi = {10.1080/01621459.1972.10481323},
journal = {Journal of the American Statistical Association},
number = {340},
pages = {943--950},
title = {A Probabilistic Model for Identifying Errors in Data Editing},
url = {http://www.tandfonline.com/doi/abs/10.1080/01621459.1972.10481323},
volume = {67},
year = {1972}
}
@article{Fan:2014:IRM:2628135.2567657,
 author = {Fan, Wenfei and Ma, Shuai and Tang, Nan and Yu, Wenyuan},
 title = {Interaction Between Record Matching and Data Repairing},
 journal = {J. Data and Information Quality},
 issue_date = {May 2014},
 volume = {4},
 number = {4},
 month = may,
 year = {2014},
 issn = {1936-1955},
 pages = {16:1--16:38},
 articleno = {16},
 numpages = {38},
 url = {http://doi.acm.org/10.1145/2567657},
 doi = {10.1145/2567657},
 acmid = {2567657},
 publisher = {ACM},
 address = {New York, NY, USA},
 keywords = {Data repairing, conditional functional dependency, matching dependency, record matching},
}

@article{genesereth1987logical,
  title={Logical Foundations of Artificial},
  author={Genesereth, Michael R and Nilsson, Nils J},
  journal={Intelligence. Morgan Kaufmann},
  year={1987},
  publisher={Springer}
}

@inproceedings{akbik2014lrec,
  title={The Weltmodell: A Data-Driven Commonsense Knowledge Base},
  author={Alan Akbik and Thilo Michael},
  booktitle={9th Edition of the Language Resources and Evaluation Conference, LREC 2014},
  url={http://lrec2014.lrec-conf.org/en/conference-programme/list-accepted-papers/},
  year={2014}
}
@article{goldbergdataset,
  title={A Dataset of Syntactic-Ngrams over Time from a Very Large Corpus of English Books},
  author={Goldberg, Yoav and Orwant, Jon},
  url={http://commondatastorage.googleapis.com/books/syntactic-ngrams/syntngrams.final.pdf},
  year={2013}
}


@article{fan2012foundations,
  title={Foundations of Data Quality Management},
  author={Fan, Wenfei and Geerts, Floris},
  journal={Synthesis Lectures on Data Management},
  volume={4},
  number={5},
  pages={1--217},
  year={2012},
  publisher={Morgan \& Claypool Publishers}
}
@MISC{Koren09matrixfactorization,
    author = {Yehuda Koren and Robert Bell and Chris Volinsky},
    title = {MATRIX FACTORIZATION TECHNIQUES FOR RECOMMENDER SYSTEMS},
    year = {2009}
}
@inproceedings{Sarwar:2001:ICF:371920.372071,
 author = {Sarwar, Badrul and Karypis, George and Konstan, Joseph and Riedl, John},
 title = {Item-based Collaborative Filtering Recommendation Algorithms},
 booktitle = {Proceedings of the 10th International Conference on World Wide Web},
 series = {WWW '01},
 year = {2001},
 isbn = {1-58113-348-0},
 location = {Hong Kong, Hong Kong},
 pages = {285--295},
 numpages = {11},
 url = {http://doi.acm.org/10.1145/371920.372071},
 doi = {10.1145/371920.372071},
 acmid = {372071},
 publisher = {ACM},
 address = {New York, NY, USA},
}
@article{Halevy:2009:UED:1525642.1525689,
 author = {Halevy, Alon and Norvig, Peter and Pereira, Fernando},
 title = {The Unreasonable Effectiveness of Data},
 journal = {IEEE Intelligent Systems},
 issue_date = {March 2009},
 volume = {24},
 number = {2},
 month = mar,
 year = {2009},
 issn = {1541-1672},
 pages = {8--12},
 numpages = {5},
 url = {http://dx.doi.org/10.1109/MIS.2009.36},
 doi = {10.1109/MIS.2009.36},
 acmid = {1525689},
 publisher = {IEEE Educational Activities Department},
 address = {Piscataway, NJ, USA},
 keywords = {Semantic Web, machine learning, machine learning, very large data bases, Semantic Web, very large data bases},
} 
@inproceedings{Bollacker08,
  added-at = {2009-10-05T23:17:22.000+0200},
  address = {New York, NY, USA},
  author = {Bollacker, Kurt and Evans, Colin and Paritosh, Praveen and Sturge, Tim and Taylor, Jamie},
  biburl = {http://www.bibsonomy.org/bibtex/2dcb34215f5a442484a91275e01a9d2da/arminhs},
  booktitle = {SIGMOD '08: Proceedings of the 2008 ACM SIGMOD international conference on Management of data},
  description = {Freebase},
  interhash = {619fe0dbb150f728e95a1acf4b454d64},
  intrahash = {dcb34215f5a442484a91275e01a9d2da},
  keywords = {database semantic tagging},
  pages = {1247--1250},
  publisher = {ACM},
  timestamp = {2009-10-05T23:17:22.000+0200},
  title = {Freebase: a collaboratively created graph database for structuring human knowledge},
  url = {http://ids.snu.ac.kr/w/images/9/98/SC17.pdf},
  year = 2008
}
@article{Bizer:2009:DCP:1640541.1640848,
 author = {Bizer, Christian and Lehmann, Jens and Kobilarov, Georgi and Auer, S\"{o}ren and Becker, Christian and Cyganiak, Richard and Hellmann, Sebastian},
 title = {DBpedia - A Crystallization Point for the Web of Data},
 journal = {Web Semant.},
 issue_date = {September, 2009},
 volume = {7},
 number = {3},
 month = sep,
 year = {2009},
 issn = {1570-8268},
 pages = {154--165},
 numpages = {12},
 url = {http://dx.doi.org/10.1016/j.websem.2009.07.002},
 doi = {10.1016/j.websem.2009.07.002},
 acmid = {1640848},
 publisher = {Elsevier Science Publishers B. V.},
 address = {Amsterdam, The Netherlands, The Netherlands},
 keywords = {Knowledge extraction, Linked Data, RDF, Web of Data, Wikipedia},
}
@article{Liu:2004:CMP:1031314.1031373,
 author = {Liu, H. and Singh, P.},
 title = {ConceptNet \&Mdash; A Practical Commonsense Reasoning Tool-Kit},
 journal = {BT Technology Journal},
 issue_date = {October 2004},
 volume = {22},
 number = {4},
 month = oct,
 year = {2004},
 issn = {1358-3948},
 pages = {211--226},
 numpages = {16},
 url = {http://dx.doi.org/10.1023/B:BTTJ.0000047600.45421.6d},
 doi = {10.1023/B:BTTJ.0000047600.45421.6d},
 acmid = {1031373},
 publisher = {Kluwer Academic Publishers},
 address = {Hingham, MA, USA},
}  
@inproceedings{Tandon:2014:WHO:2556195.2556245,
 author = {Tandon, Niket and de Melo, Gerard and Suchanek, Fabian and Weikum, Gerhard},
 title = {WebChild: Harvesting and Organizing Commonsense Knowledge from the Web},
 booktitle = {Proceedings of the 7th ACM International Conference on Web Search and Data Mining},
 series = {WSDM '14},
 year = {2014},
 isbn = {978-1-4503-2351-2},
 location = {New York, New York, USA},
 pages = {523--532},
 numpages = {10},
 url = {http://doi.acm.org/10.1145/2556195.2556245},
 doi = {10.1145/2556195.2556245},
 acmid = {2556245},
 publisher = {ACM},
 address = {New York, NY, USA},
 keywords = {commonsense knowledge, knowledge bases, label propagation, web mining, word sense disambiguation},
}

@article{Fan:2008:CFD:1366102.1366103,
 author = {Fan, Wenfei and Geerts, Floris and Jia, Xibei and Kementsietsidis, Anastasios},
 title = {Conditional Functional Dependencies for Capturing Data Inconsistencies},
 journal = {ACM Trans. Database Syst.},
 issue_date = {June 2008},
 volume = {33},
 number = {2},
 month = jun,
 year = {2008},
 issn = {0362-5915},
 pages = {6:1--6:48},
 articleno = {6},
 numpages = {48},
 url = {http://doi.acm.org/10.1145/1366102.1366103},
 doi = {10.1145/1366102.1366103},
 acmid = {1366103},
 publisher = {ACM},
 address = {New York, NY, USA},
 keywords = {Data cleaning, SQL, functional dependency},
} 

@article{suciu2011probabilistic,
  title={Probabilistic databases},
  author={Suciu, Dan and Olteanu, Dan and R{\'e}, Christopher and Koch, Christoph},
  journal={Synthesis Lectures on Data Management},
  volume={3},
  number={2},
  pages={1--180},
  year={2011},
  publisher={Morgan \& Claypool Publishers}
}

@article{Fagin:1982:HCD:322344.322347,  author = {Fagin, Ronald},  title =
{Horn Clauses and Database Dependencies},  journal = {J. ACM},  issue_date =
{Oct. 1982},  volume = {29},  number = {4},  month = oct,  year = {1982},
issn = {0004-5411},  pages = {952--985},  numpages = {34},  url =
{http://doi.acm.org/10.1145/322344.322347},  doi = {10.1145/322344.322347},
acmid = {322347},  publisher = {ACM},  address = {New York, NY, USA}, }
@article {waynew.eckerson2002,
    author   = {Wayne W. Eckerson},
    year     = {2002},
    title   = {Data Warehousing Special Report: Data quality and the bottom line},
    url = {http://download.101com.com/pub/tdwi/Files/DQReport.pdf},
    note = {Online; accessed 12-July-2014 }
}


@ARTICLE{bowman:reasoning,
	AUTHOR = "Mic Bowman and Saumya K. Debray and Larry L. Peterson",
	TITLE = "Reasoning About Naming Systems",
	JOURNAL = "ACM Trans. Program. Lang. Syst.",
	VOLUME = {15},
	NUMBER = {5},
	PAGES = {795-825},
	MONTH = "November",
	YEAR = {1993}	}

@ARTICLE{braams:babel,
	AUTHOR = "Johannes Braams",
	TITLE = "Babel, a Multilingual Style-Option System for Use with LaTeX's Standard Document Styles",
	JOURNAL = {TUGboat},
	VOLUME = {12},
	NUMBER = {2},
	PAGES = {291-301},
	MONTH = "June",
	YEAR = {1991}	}

@INPROCEEDINGS{clark:pct,
	AUTHOR = "Malcolm Clark",
	TITLE = "Post Congress Tristesse",
	BOOKTITLE = "TeX90 Conference Proceedings",
	PAGES = "84-89",
	ORGANIZATION = "TeX Users Group",
	MONTH = "March", 
	YEAR = {1991}	}

@ARTICLE{herlihy:methodology,
	AUTHOR = "Maurice Herlihy",
	TITLE = "A Methodology for Implementing Highly Concurrent
	Data Objects",
	JOURNAL = {ACM Trans. Program. Lang. Syst.},
	VOLUME = {15},
	NUMBER = {5},
	PAGES = {745-770},
	MONTH = "November",
	YEAR = {1993}	}

@BOOK{Lamport:LaTeX,
	AUTHOR = "Leslie Lamport",
	TITLE = "LaTeX User's Guide and Document Reference Manual",
	PUBLISHER = "Addison-Wesley Publishing Company",
	ADDRESS = "Reading, Massachusetts",
	YEAR = "1986"	}

@BOOK{salas:calculus,
	AUTHOR = "S.L. Salas and Einar Hille",
	TITLE = "Calculus: One and Several Variable",
	PUBLISHER = "John Wiley and Sons",
	ADDRESS = "New York",
	YEAR = "1978"	}






